<?xml version="1.0" encoding="UTF-8"?><collection xmlns="http://www.loc.gov/MARC21/slim"><record><leader>00350nam--2200133-i-4500</leader><controlfield tag="001">000024792</controlfield><controlfield tag="002">20161230</controlfield><controlfield tag="005">20161230201035</controlfield><controlfield tag="008">060222s1000------------r-----000-0-eng-d</controlfield><datafield ind1=" " ind2=" " tag="080"><subfield code="a">681.3</subfield></datafield><datafield ind1=" " ind2=" " tag="245"><subfield code="a">Hardware and software concepts in vlsi</subfield></datafield><datafield ind1=" " ind2=" " tag="260"><subfield code="a">New York, Van Nostrand Reinhold Company, 1983. Xiv + 559 P</subfield></datafield><datafield ind1=" " ind2=" " tag="700"><subfield code="a">Guy Rabbat</subfield></datafield><datafield ind1=" " ind2=" " tag="852"><subfield code="a">79528</subfield></datafield></record></collection>